<?xml version="1.0" encoding="UTF-8"?><collection xmlns="http://www.loc.gov/MARC21/slim"><record><leader>00452nam--2200133-i-4500</leader><controlfield tag="001">000034833</controlfield><controlfield tag="002">20161230</controlfield><controlfield tag="005">20161230201040</controlfield><controlfield tag="008">060222s1000------------r-----000-0-eng-d</controlfield><datafield ind1=" " ind2=" " tag="080"><subfield code="a">614.825</subfield></datafield><datafield ind1=" " ind2=" " tag="245"><subfield code="a">Norme de tehnica securitatii pentru fabricile de: masini si transformatori electrici. aparataj electric, aparataj telefonic si aparate de masura electrice</subfield></datafield><datafield ind1=" " ind2=" " tag="260"><subfield code="a">Bucuresti, Ed.Energ.De Stat, 1953, 93p</subfield></datafield><datafield ind1=" " ind2=" " tag="490"><subfield code="a">C.C.S.Din R.P.R</subfield></datafield><datafield ind1=" " ind2=" " tag="852"><subfield code="a">3183</subfield></datafield></record></collection>